<record><leader>00000cas a22000007a 4500</leader><controlfield tag="001">17003504</controlfield><controlfield tag="008">871119d191519uualuwr ne      0    0eng d</controlfield><datafield ind1=" " ind2=" " tag="010"><subfield code="a">sn 87050364 </subfield></datafield><datafield ind1=" " ind2=" " tag="040"><subfield code="a">AAR</subfield><subfield code="b">eng</subfield><subfield code="c">AAR</subfield><subfield code="d">CPN</subfield><subfield code="d">OCL</subfield><subfield code="d">OCLCQ</subfield><subfield code="d">OCLCF</subfield><subfield code="d">OCLCO</subfield></datafield><datafield ind1=" " ind2=" " tag="042"><subfield code="a">msc</subfield></datafield><datafield ind1=" " ind2=" " tag="043"><subfield code="a">n-us-al</subfield></datafield><datafield ind1="0" ind2=" " tag="130"><subfield code="a">Uniontown news (Uniontown, Ala.)</subfield></datafield><datafield ind1="1" ind2="4" tag="245"><subfield code="a">The Uniontown news.</subfield></datafield><datafield ind1="1" ind2="7" tag="246"><subfield code="a">Negro leader</subfield></datafield><datafield ind1=" " ind2=" " tag="260"><subfield code="a">Uniontown, Ala. :</subfield><subfield code="b">Success Print. Co.,</subfield><subfield code="c">1915-</subfield></datafield><datafield ind1=" " ind2=" " tag="300"><subfield code="a">v.</subfield></datafield><datafield ind1=" " ind2=" " tag="310"><subfield code="a">Weekly</subfield></datafield><datafield ind1="0" ind2=" " tag="362"><subfield code="a">Vol. 6, no. 19 (Feb. 26, 1915)-</subfield></datafield><datafield ind1=" " ind2=" " tag="550"><subfield code="a">"Official organ of I.O.B.S. of C. Lodges of Alabama."</subfield></datafield><datafield ind1=" " ind2="0" tag="650"><subfield code="a">African American newspapers</subfield><subfield code="z">Alabama.</subfield></datafield><datafield ind1=" " ind2="7" tag="650"><subfield code="a">African American newspapers.</subfield><subfield code="2">fast</subfield><subfield code="0">(OCoLC)fst00799278</subfield></datafield><datafield ind1=" " ind2="7" tag="651"><subfield code="a">Alabama.</subfield><subfield code="2">fast</subfield><subfield code="0">(OCoLC)fst01204694</subfield></datafield><datafield ind1=" " ind2=" " tag="752"><subfield code="a">United States</subfield><subfield code="b">Alabama</subfield><subfield code="c">Perry</subfield><subfield code="d">Uniontown.</subfield></datafield><datafield ind1="0" ind2="0" tag="780"><subfield code="t">Negro leader</subfield><subfield code="w">(DLC)sn 87050363</subfield></datafield></record>